@misc{semver,
    title = "Semantic Versioning 2.0.0",
    url = "https://semver.org/",
}
